<?xml version="1.0" encoding="UTF-8"?><collection xmlns="http://www.loc.gov/MARC21/slim"><record><leader>00665nam--2200181-i-4500</leader><controlfield tag="001">000021554</controlfield><controlfield tag="002">20161230</controlfield><controlfield tag="005">20161230201034</controlfield><controlfield tag="008">060222s1000------------r-----000-0-eng-d</controlfield><datafield ind1=" " ind2=" " tag="040"><subfield code="a">IFIN-HH</subfield></datafield><datafield ind1=" " ind2=" " tag="080"><subfield code="a">539.155.2:539.1.08</subfield></datafield><datafield ind1="1" ind2=" " tag="100"><subfield code="a">Evans, Robley D</subfield></datafield><datafield ind1="1" ind2="0" tag="245"><subfield code="a">Physical, biological and administrative problems associated with the transportation of radioactive substances</subfield><subfield code="b">Nuclear science series</subfield><subfield code="c">Robley d. evans</subfield></datafield><datafield ind1=" " ind2=" " tag="260"><subfield code="a">Washington</subfield><subfield code="b">National Academy Of Sciences</subfield><subfield code="c">1951</subfield></datafield><datafield ind1=" " ind2=" " tag="300"><subfield code="a">IX + 69P</subfield></datafield><datafield ind1=" " ind2=" " tag="490"><subfield code="a">Nuclear Science Series - National Research Council Publication 205</subfield><subfield code="v">Preliminary Report No. 11</subfield></datafield><datafield ind1=" " ind2=" " tag="852"><subfield code="a">13144</subfield></datafield><datafield ind1=" " ind2=" " tag="CAT"><subfield code="a">Sys</subfield><subfield code="c">20110926</subfield><subfield code="h">113938</subfield></datafield></record></collection>